
@incollection{torio_national_2016,
	address = {Rockville (MD)},
	title = {National {Inpatient} {Hospital} {Costs}: {The} {Most} {Expensive} {Conditions} by {Payer}, 2013: {Statistical} {Brief} \#204},
	shorttitle = {National {Inpatient} {Hospital} {Costs}},
	url = {http://www.ncbi.nlm.nih.gov/books/NBK368492/},
	urldate = {2019-10-01},
	booktitle = {Healthcare {Cost} and {Utilization} {Project} ({HCUP}) {Statistical} {Briefs}},
	publisher = {Agency for Healthcare Research and Quality (US)},
	author = {Torio, Celeste M. and Moore, Brian J.},
	month = may,
	year = {2016},
	pmid = {27359025}
}

@article{sepsis-3,
	title = {The {Third} {International} {Consensus} {Definitions} for {Sepsis} and {Septic} {Shock} ({Sepsis}-3)},
	volume = {315},
	issn = {1538-3598},
	doi = {10.1001/jama.2016.0287},
	number = {8},
	journal = {JAMA},
	author = {Singer, Mervyn and Deutschman, Clifford S. and Seymour, Christopher Warren and Shankar-Hari, Manu and Annane, Djillali and Bauer, Michael and Bellomo, Rinaldo and Bernard, Gordon R. and Chiche, Jean-Daniel and Coopersmith, Craig M. and Hotchkiss, Richard S. and Levy, Mitchell M. and Marshall, John C. and Martin, Greg S. and Opal, Steven M. and Rubenfeld, Gordon D. and van der Poll, Tom and Vincent, Jean-Louis and Angus, Derek C.},
	month = feb,
	year = {2016},
	pmid = {26903338},
	pmcid = {PMC4968574},
	keywords = {Humans, Biomarkers, Advisory Committees, Blood Pressure, Delphi Technique, Hospital Mortality, International Classification of Diseases, Lactates, Organ Dysfunction Scores, Peer Review, Research, Respiratory Rate, Sepsis, Shock, Septic, Systemic Inflammatory Response Syndrome, Terminology as Topic, Vasoconstrictor Agents, sepsis-3},
	pages = {801--810}
}

@techreport{ayala_nagmsc_2019,
	type = {Final {Report}},
	title = {{NAGMSC} {Working} {Group} on {Sepsis}},
	url = {https://www.nigms.nih.gov/News/reports/Documents/nagmsc-working-group-on-sepsis-final-report.pdf},
	institution = {National Institute of General Medical Sciences},
	author = {Ayala, Alfred and Coopersmith, Craig and Kraft, Monica and Liu, Vincent and Meyer, Nuala J. and Padbury, Guy and Parsons, Polly E. and Przygodzki, Ronald M. and Younger, John G.},
	month = may,
	year = {2019},
	pages = {1--30}
}

@article{iwashyna_long-term_2010,
	title = {Long-term {Cognitive} {Impairment} and {Functional} {Disability} {Among} {Survivors} of {Severe} {Sepsis}},
	volume = {304},
	issn = {0098-7484},
	url = {http://jama.jamanetwork.com/article.aspx?doi=10.1001/jama.2010.1553},
	doi = {10.1001/jama.2010.1553},
	number = {16},
	urldate = {2019-11-11},
	journal = {JAMA},
	author = {Iwashyna, Theodore J. and Ely, E. Wesley and Smith, Dylan M. and Langa, Kenneth M.},
	month = oct,
	year = {2010},
	pages = {1787}
}

@article{kwan_transcriptional_2013,
	title = {Transcriptional instability during evolving sepsis may limit biomarker based risk stratification},
	volume = {8},
	issn = {1932-6203},
	doi = {10.1371/journal.pone.0060501},
	number = {3},
	journal = {PloS One},
	author = {Kwan, Antonia and Hubank, Mike and Rashid, Asrar and Klein, Nigel and Peters, Mark J.},
	year = {2013},
	pmid = {23544148},
	pmcid = {PMC3609793},
	keywords = {Gene Expression Regulation, Humans, Gene Expression Profiling, Child, Preschool, Female, Male, Risk Factors, Transcription, Genetic, Biomarkers, Gene Regulatory Networks, Time Factors, Sepsis, Demography, Infant, Longitudinal Studies},
	pages = {e60501}
}

@article{shankar-hari_developing_2016,
	title = {Developing a {New} {Definition} and {Assessing} {New} {Clinical} {Criteria} for {Septic} {Shock}: {For} the {Third} {International} {Consensus} {Definitions} for {Sepsis} and {Septic} {Shock} ({Sepsis}-3)},
	volume = {315},
	issn = {0098-7484},
	shorttitle = {Developing a {New} {Definition} and {Assessing} {New} {Clinical} {Criteria} for {Septic} {Shock}},
	url = {http://jama.jamanetwork.com/article.aspx?doi=10.1001/jama.2016.0289},
	doi = {10.1001/jama.2016.0289},
	number = {8},
	urldate = {2019-11-11},
	journal = {JAMA},
	author = {Shankar-Hari, Manu and Phillips, Gary S. and Levy, Mitchell L. and Seymour, Christopher W. and Liu, Vincent X. and Deutschman, Clifford S. and Angus, Derek C. and Rubenfeld, Gordon D. and Singer, Mervyn and {for the Sepsis Definitions Task Force}},
	month = feb,
	year = {2016},
	pages = {775}
}

@article{gultepe_vital_2014,
	title = {From vital signs to clinical outcomes for patients with sepsis: a machine learning basis for a clinical decision support system},
	volume = {21},
	issn = {1067-5027, 1527-974X},
	shorttitle = {From vital signs to clinical outcomes for patients with sepsis},
	url = {https://academic.oup.com/jamia/article-lookup/doi/10.1136/amiajnl-2013-001815},
	doi = {10.1136/amiajnl-2013-001815},
	number = {2},
	urldate = {2019-11-19},
	journal = {Journal of the American Medical Informatics Association},
	author = {Gultepe, Eren and Green, Jeffrey P and Nguyen, Hien and Adams, Jason and Albertson, Timothy and Tagkopoulos, Ilias},
	month = mar,
	year = {2014},
	pages = {315--325}
}

@incollection{arabnia_prediction_2010,
	address = {New York, NY},
	title = {Prediction of {Severe} {Sepsis} {Using} {SVM} {Model}},
	volume = {680},
	isbn = {978-1-4419-5912-6 978-1-4419-5913-3},
	url = {http://link.springer.com/10.1007/978-1-4419-5913-3_9},
	urldate = {2019-11-19},
	booktitle = {Advances in {Computational} {Biology}},
	publisher = {Springer New York},
	author = {Wang, Shu-Li and Wu, Fan and Wang, Bo-Hang},
	editor = {Arabnia, Hamid R.},
	year = {2010},
	doi = {10.1007/978-1-4419-5913-3_9},
	pages = {75--81}
}

@article{sakr_sepsis_2018,
	title = {Sepsis in {Intensive} {Care} {Unit} {Patients}: {Worldwide} {Data} {From} the {Intensive} {Care} over {Nations} {Audit}},
	volume = {5},
	issn = {2328-8957},
	shorttitle = {Sepsis in {Intensive} {Care} {Unit} {Patients}},
	doi = {10.1093/ofid/ofy313},
	number = {12},
	journal = {Open Forum Infectious Diseases},
	author = {Sakr, Yasser and Jaschinski, Ulrich and Wittebole, Xavier and Szakmany, Tamas and Lipman, Jeffrey and Ñamendys-Silva, Silvio A. and Martin-Loeches, Ignacio and Leone, Marc and Lupu, Mary-Nicoleta and Vincent, Jean-Louis and {ICON Investigators}},
	month = dec,
	year = {2018},
	pmid = {30555852},
	pmcid = {PMC6289022},
	keywords = {critically ill, international, mortality, septic shock},
	pages = {ofy313}
}

@article{polat_sepsis_2017,
	title = {Sepsis and {Septic} {Shock}: {Current} {Treatment} {Strategies} and {New} {Approaches}},
	volume = {49},
	issn = {13088734, 13088742},
	shorttitle = {Sepsis and {Septic} {Shock}},
	url = {https://www.eajm.org//en/sepsis-and-septic-shock-current-treatment-strategies-and-new-approaches-132940},
	doi = {10.5152/eurasianjmed.2017.17062},
	number = {1},
	urldate = {2020-02-05},
	journal = {The Eurasian Journal of Medicine},
	author = {Polat, Gizem and Ugan, Rustem Anil and Cadirci, Elif and Halici, Zekai},
	month = mar,
	year = {2017},
	pages = {53--58}
}

@article{klompas_antibiotics_2018,
	title = {Antibiotics for {Sepsis}—{Finding} the {Equilibrium}},
	volume = {320},
	issn = {0098-7484},
	url = {http://jama.jamanetwork.com/article.aspx?doi=10.1001/jama.2018.12179},
	doi = {10.1001/jama.2018.12179},
	number = {14},
	urldate = {2020-02-05},
	journal = {JAMA},
	author = {Klompas, Michael and Calandra, Thierry and Singer, Mervyn},
	month = oct,
	year = {2018},
	pages = {1433}
}

@article{paoli_epidemiology_2018,
	title = {Epidemiology and {Costs} of {Sepsis} in the {United} {States}-{An} {Analysis} {Based} on {Timing} of {Diagnosis} and {Severity} {Level}},
	volume = {46},
	issn = {1530-0293},
	doi = {10.1097/CCM.0000000000003342},
	number = {12},
	journal = {Critical Care Medicine},
	author = {Paoli, Carly J. and Reynolds, Mark A. and Sinha, Meenal and Gitlin, Matthew and Crouser, Elliott},
	year = {2018},
	pmid = {30048332},
	pmcid = {PMC6250243},
	keywords = {Humans, Female, Male, Aged, Adult, Aged, 80 and over, Middle Aged, Hospital Mortality, Organ Dysfunction Scores, Sepsis, Shock, Septic, United States, Comorbidity, Hospital Charges, Incidence, Intensive Care Units, Length of Stay, Patient Readmission, Retrospective Studies, Severity of Illness Index, Socioeconomic Factors, Time-to-Treatment},
	pages = {1889--1897}
}

@article{goodwin_frequency_2015,
	title = {Frequency, cost, and risk factors of readmissions among severe sepsis survivors},
	volume = {43},
	issn = {1530-0293},
	doi = {10.1097/CCM.0000000000000859},
	number = {4},
	journal = {Critical Care Medicine},
	author = {Goodwin, Andrew J. and Rice, David A. and Simpson, Kit N. and Ford, Dee W.},
	month = apr,
	year = {2015},
	pmid = {25746745},
	pmcid = {PMC4479267},
	keywords = {Humans, Female, Male, Risk Factors, Aged, Time Factors, Sepsis, United States, Comorbidity, Patient Readmission, Retrospective Studies, Cohort Studies, Costs and Cost Analysis, Data Collection, Hospitalization, Medicaid, Medicare, Regression Analysis, Sex Factors},
	pages = {738--746}
}

@article{norman_sepsis-associated_2017,
	title = {Sepsis-{Associated} 30-{Day} {Risk}-{Standardized} {Readmissions}: {Analysis} of a {Nationwide} {Medicare} {Sample}*},
	volume = {45},
	issn = {0090-3493},
	shorttitle = {Sepsis-{Associated} 30-{Day} {Risk}-{Standardized} {Readmissions}},
	url = {http://Insights.ovid.com/crossref?an=00003246-201707000-00004},
	doi = {10.1097/CCM.0000000000002476},
	number = {7},
	urldate = {2020-02-24},
	journal = {Critical Care Medicine},
	author = {Norman, Brett C. and Cooke, Colin R. and Ely, E. Wes and Graves, John A.},
	month = jul,
	year = {2017},
	pages = {1130--1137}
}

@article{scheeren_current_2019,
	title = {Current use of vasopressors in septic shock},
	volume = {9},
	issn = {2110-5820},
	url = {https://annalsofintensivecare.springeropen.com/articles/10.1186/s13613-019-0498-7},
	doi = {10.1186/s13613-019-0498-7},
	number = {1},
	urldate = {2020-02-24},
	journal = {Annals of Intensive Care},
	author = {Scheeren, Thomas W. L. and Bakker, Jan and De Backer, Daniel and Annane, Djillali and Asfar, Pierre and Boerma, E. Christiaan and Cecconi, Maurizio and Dubin, Arnaldo and Dünser, Martin W. and Duranteau, Jacques and Gordon, Anthony C. and Hamzaoui, Olfa and Hernández, Glenn and Leone, Marc and Levy, Bruno and Martin, Claude and Mebazaa, Alexandre and Monnet, Xavier and Morelli, Andrea and Payen, Didier and Pearse, Rupert and Pinsky, Michael R. and Radermacher, Peter and Reuter, Daniel and Saugel, Bernd and Sakr, Yasser and Singer, Mervyn and Squara, Pierre and Vieillard-Baron, Antoine and Vignon, Philippe and Vistisen, Simon T. and van der Horst, Iwan C. C. and Vincent, Jean-Louis and Teboul, Jean-Louis},
	month = dec,
	year = {2019},
	keywords = {septic shock, sepsis, vasopressors, epinephrine},
	pages = {20}
}

@article{daviaud_timing_2015,
	title = {Timing and causes of death in septic shock},
	volume = {5},
	issn = {2110-5820},
	url = {http://www.annalsofintensivecare.com/content/5/1/16},
	doi = {10.1186/s13613-015-0058-8},
	number = {1},
	urldate = {2020-02-24},
	journal = {Annals of Intensive Care},
	author = {Daviaud, Fabrice and Grimaldi, David and Dechartres, Agnès and Charpentier, Julien and Geri, Guillaume and Marin, Nathalie and Chiche, Jean-Daniel and Cariou, Alain and Mira, Jean-Paul and Pène, Frédéric},
	month = dec,
	year = {2015},
	pages = {16}
}

@article{santschi_management_2013,
	title = {Management of children with sepsis and septic shock: a survey among pediatric intensivists of the {Réseau} {Mère}-{Enfant} de la {Francophonie}},
	volume = {3},
	issn = {2110-5820},
	shorttitle = {Management of children with sepsis and septic shock},
	url = {http://annalsofintensivecare.springeropen.com/articles/10.1186/2110-5820-3-7},
	doi = {10.1186/2110-5820-3-7},
	number = {1},
	urldate = {2020-02-24},
	journal = {Annals of Intensive Care},
	author = {Santschi, Miriam and Leclerc, Francis and {members of the Réseau Mère-Enfant de la Francophonie}},
	year = {2013},
	pages = {7}
}

@article{hernandez_when_2014,
	title = {When to stop septic shock resuscitation: clues from a dynamic perfusion monitoring},
	volume = {4},
	issn = {2110-5820},
	shorttitle = {When to stop septic shock resuscitation},
	url = {http://www.annalsofintensivecare.com/content/4/1/30},
	doi = {10.1186/s13613-014-0030-z},
	number = {1},
	urldate = {2020-02-24},
	journal = {Annals of Intensive Care},
	author = {Hernandez, Glenn and Luengo, Cecilia and Bruhn, Alejandro and Kattan, Eduardo and Friedman, Gilberto and Ospina-Tascon, Gustavo A and Fuentealba, Andrea and Castro, Ricardo and Regueira, Tomas and Romero, Carlos and Ince, Can and Bakker, Jan},
	month = dec,
	year = {2014},
	pages = {30}
}

@article{pouly_accuracy_2020,
	title = {Accuracy of ventilator-associated events for the diagnosis of ventilator-associated lower respiratory tract infections},
	volume = {10},
	issn = {2110-5820},
	url = {https://annalsofintensivecare.springeropen.com/articles/10.1186/s13613-020-0624-6},
	doi = {10.1186/s13613-020-0624-6},
	number = {1},
	urldate = {2020-02-24},
	journal = {Annals of Intensive Care},
	author = {Pouly, Olivier and Lecailtel, Sylvain and Six, Sophie and Préau, Sébastien and Wallet, Frédéric and Nseir, Saad and Rouzé, Anahita},
	month = dec,
	year = {2020},
	pages = {6}
}

@article{demiselle_vasopressin_2020,
	title = {Vasopressin and its analogues in shock states: a review},
	volume = {10},
	issn = {2110-5820},
	shorttitle = {Vasopressin and its analogues in shock states},
	url = {https://annalsofintensivecare.springeropen.com/articles/10.1186/s13613-020-0628-2},
	doi = {10.1186/s13613-020-0628-2},
	number = {1},
	urldate = {2020-02-24},
	journal = {Annals of Intensive Care},
	author = {Demiselle, Julien and Fage, Nicolas and Radermacher, Peter and Asfar, Pierre},
	month = dec,
	year = {2020},
	pages = {9}
}

@article{varghese_antimicrobial_2011,
	title = {Antimicrobial {Pharmacokinetic} and {Pharmacodynamic} {Issues} in the {Critically} {Ill} with {Severe} {Sepsis} and {Septic} {Shock}},
	volume = {27},
	issn = {07490704},
	url = {https://linkinghub.elsevier.com/retrieve/pii/S0749070410000680},
	doi = {10.1016/j.ccc.2010.09.006},
	number = {1},
	urldate = {2020-02-24},
	journal = {Critical Care Clinics},
	author = {Varghese, Julie M. and Roberts, Jason A. and Lipman, Jeffrey},
	month = jan,
	year = {2011},
	keywords = {pharmacokinetics},
	pages = {19--34}
}

@article{abboud_pharmacokinetics_2009,
	title = {Pharmacokinetics of epinephrine in patients with septic shock: modelization and interaction with endogenous neurohormonal status},
	volume = {13},
	issn = {1364-8535},
	shorttitle = {Pharmacokinetics of epinephrine in patients with septic shock},
	url = {http://ccforum.biomedcentral.com/articles/10.1186/cc7972},
	doi = {10.1186/cc7972},
	number = {4},
	urldate = {2020-02-26},
	journal = {Critical Care},
	author = {Abboud, Imad and Lerolle, Nicolas and Urien, Saik and Tadié, Jean-Marc and Leviel, Françoise and Fagon, Jean-Yves and Faisy, Christophe},
	year = {2009},
	keywords = {pharmacokinetics},
	pages = {R120}
}

@article{pai_simplified_2014,
	title = {Simplified {Equations} {Using} {Two} {Concentrations} {To} {Calculate} {Area} under the {Curve} for {Antimicrobials} with {Concentration}-{Dependent} {Pharmacodynamics}: {Daptomycin} as a {Motivating} {Example}},
	volume = {58},
	issn = {0066-4804, 1098-6596},
	shorttitle = {Simplified {Equations} {Using} {Two} {Concentrations} {To} {Calculate} {Area} under the {Curve} for {Antimicrobials} with {Concentration}-{Dependent} {Pharmacodynamics}},
	url = {http://aac.asm.org/lookup/doi/10.1128/AAC.02355-14},
	doi = {10.1128/AAC.02355-14},
	number = {6},
	urldate = {2020-02-26},
	journal = {Antimicrobial Agents and Chemotherapy},
	author = {Pai, Manjunath P. and Russo, Alessandro and Novelli, Andrea and Venditti, Mario and Falcone, Marco},
	month = jun,
	year = {2014},
	keywords = {pharmacokinetics},
	pages = {3162--3167}
}

@article{henry_targeted_2015,
	title = {A targeted real-time early warning score ({TREWScore}) for septic shock},
	volume = {7},
	issn = {1946-6234, 1946-6242},
	url = {https://stm.sciencemag.org/lookup/doi/10.1126/scitranslmed.aab3719},
	doi = {10.1126/scitranslmed.aab3719},
	number = {299},
	urldate = {2020-02-26},
	journal = {Science Translational Medicine},
	author = {Henry, Katharine E. and Hager, David N. and Pronovost, Peter J. and Saria, Suchi},
	month = aug,
	year = {2015},
	pages = {299ra122--299ra122}
}

@article{berger_shock_2013,
	title = {Shock {Index} and {Early} {Recognition} of {Sepsis} in the {Emergency} {Department}: {Pilot} {Study}},
	volume = {14},
	issn = {1936900X, 19369018},
	shorttitle = {Shock {Index} and {Early} {Recognition} of {Sepsis} in the {Emergency} {Department}},
	url = {http://www.escholarship.org/uc/item/3qn901v2},
	doi = {10.5811/westjem.2012.8.11546},
	number = {2},
	urldate = {2020-02-28},
	journal = {Western Journal of Emergency Medicine},
	author = {Berger, Tony and Green, Jeffrey and Horeczko, Timothy and Hagar, Yolanda and Garg, Nidhi and Suarez, Alison and Panacek, Edward and Shapiro, Nathan},
	month = mar,
	year = {2013},
	keywords = {shock index},
	pages = {168--174}
}


@article{bader_algorithm862_2006,
	title = {Algorithm 862: {MATLAB} tensor classes for fast algorithm prototyping},
	volume = {32},
	issn = {00983500},
	shorttitle = {Algorithm 862},
	url = {http://portal.acm.org/citation.cfm?doid=1186785.1186794},
	doi = {10.1145/1186785.1186794},
	number = {4},
	urldate = {2019-02-14},
	journal = {ACM Transactions on Mathematical Software},
	author = {Bader, Brett W. and Kolda, Tamara G.},
	month = dec,
	year = {2006},
	pages = {635--653}
}

@misc{tensor_toolbox_gitlab,
	address = {Available online},
	title = {Matlab {Tensor} {Toolbox}},
	url = {www.tensortoolbox.org},
	author = {Bader, Brett W. and Kolda, Tamara G. and filler and filler and filler and filler},
	month = aug,
	year = {2017}
}

@article{kolda_tensors,
	title = {Tensor {Decompositions} and {Applications}},
	volume = {51},
	issn = {0036-1445, 1095-7200},
	url = {http://epubs.siam.org/doi/10.1137/07070111X},
	doi = {10.1137/07070111X},
	number = {3},
	urldate = {2019-01-24},
	journal = {SIAM Review},
	author = {Kolda, Tamara G. and Bader, Brett W.},
	month = aug,
	year = {2009},
	pages = {455--500}
}

@article{goldberger_physiobank_2000,
	title = {{PhysioBank}, {PhysioToolkit}, and {PhysioNet}: components of a new research resource for complex physiologic signals},
	volume = {101},
	issn = {0009-7322, 1524-4539},
	shorttitle = {{PhysioBank}, {PhysioToolkit}, and {PhysioNet}},
	doi = {10.1161/01.cir.101.23.e215},
	number = {23},
	journal = {Circulation},
	author = {Goldberger, A. L. and Amaral, L. A. and Glass, L. and Hausdorff, J. M. and Ivanov, P. C. and Mark, R. G. and Mietus, J. E. and Moody, G. B. and Peng, C. K. and Stanley, H. E.},
	month = jun,
	year = {2000},
	pmid = {10851218},
	keywords = {Humans, Software, Databases as Topic, Internet, Non-programmatic, Physiology, Research},
	pages = {E215--220}
}

@phdthesis{padhy_multilead_2017,
	address = {Guwahati, Assam, India},
	type = {Doctor of {Philosophy}},
	title = {Multilead {ECG} data analysis using {SVC} and higher-order {SVD}},
	school = {Indian Institute of Technology Guwahati},
	author = {Padhy, Sibasankar},
	month = mar,
	year = {2017}
}

@inproceedings{chatzichristos_flexible_2019,
	address = {Berlin, Germany},
	title = {Flexible {Double} {Coupled} {Factorization} for {EEG} and {fMRI} {Fusion}},
	booktitle = {41st {Annual} {International} {Conference} of the {IEEE} {Engineering} in {Medicine} and {Biology} {Society}},
	publisher = {IEEE},
	author = {Chatzichristos, Christos and Van Eyndhoven, Simon and Kofidis, Eleftherios and De Lathauwer, Lieven and Van Huffel, Sabine and Theodoridis, Sergios},
	month = jul,
	year = {2019}
}

@inproceedings{chatzichristos_fusion_2018,
	address = {Rome},
	title = {Fusion of {EEG} and {fMRI} via {Soft} {Coupled} {Tensor} {Decompositions}},
	isbn = {978-90-827970-1-5},
	url = {https://ieeexplore.ieee.org/document/8553077/},
	doi = {10.23919/EUSIPCO.2018.8553077},
	urldate = {2019-08-08},
	booktitle = {2018 26th {European} {Signal} {Processing} {Conference} ({EUSIPCO})},
	publisher = {IEEE},
	author = {Chatzichristos, Christos and Davies, Mike and Escudero, Javier and Kofidis, Eleftherios and Theodoridis, Sergios},
	month = sep,
	year = {2018},
	pages = {56--60}
}

@article{walz_simultaneous_2013,
	title = {Simultaneous {EEG}-{fMRI} reveals temporal evolution of coupling between supramodal cortical attention networks and the brainstem},
	volume = {33},
	issn = {1529-2401},
	doi = {10.1523/JNEUROSCI.2649-13.2013},
	number = {49},
	journal = {The Journal of Neuroscience: The Official Journal of the Society for Neuroscience},
	author = {Walz, Jennifer M. and Goldman, Robin I. and Carapezza, Michael and Muraskin, Jordan and Brown, Truman R. and Sajda, Paul},
	month = dec,
	year = {2013},
	pmid = {24305817},
	pmcid = {PMC3850042},
	keywords = {Humans, Algorithms, Female, Male, Young Adult, Adult, Acoustic Stimulation, Attention, Brain Stem, Cerebral Cortex, Electroencephalography, Event-Related Potentials, P300, Image Processing, Computer-Assisted, Linear Models, Magnetic Resonance Imaging, Nerve Net, Oxygen, Photic Stimulation, Reaction Time},
	pages = {19212--19222}
}

@article{engel_neural_2017,
	title = {Neural {Audio} {Synthesis} of {Musical} {Notes} with {WaveNet} {Autoencoders}},
	volume = {abs/1704.01279},
	url = {http://arxiv.org/abs/1704.01279},
	journal = {CoRR},
	author = {Engel, Jesse H and Resnick, Cinjon and Roberts, Adam and Dieleman, Sander and Eck, Douglas and Simonyan, Karen and Norouzi, Mohammad},
	year = {2017}
}

@article{moody_impact_2001,
	title = {The impact of the {MIT}-{BIH} {Arrhythmia} {Database}},
	volume = {20},
	issn = {07395175},
	url = {http://ieeexplore.ieee.org/document/932724/},
	doi = {10.1109/51.932724},
	number = {3},
	urldate = {2019-09-03},
	journal = {IEEE Engineering in Medicine and Biology Magazine},
	author = {Moody, G.B. and Mark, R.G.},
	month = jun,
	year = {2001},
	pages = {45--50}
}

@article{bousseljot_nutzung_1995,
	title = {Nutzung der {EKG}-{Signaldatenbank} {CARDIODAT} der {PTB} über das {Internet}},
	volume = {40},
	number = {1},
	journal = {Biomedizinische Technik},
	author = {Bousseljot, R. and Kreiseler, D. and Schnabel, A.},
	year = {1995},
	pages = {317}
}

@article{kreiseler_d._automatisierte_1995,
	title = {Automatisierte {EKG}-{Auswertung} mit {Hilfe} der {EKG}-{Signaldatenbank} {CARDIODAT} der {PTB}},
	volume = {40},
	number = {1},
	journal = {Biomedizinische Technik},
	author = {{Kreiseler, D.} and {Bousseljot, R.}},
	year = {1995},
	pages = {319}
}

@article{elgendi_analysis_2012,
	title = {On the {Analysis} of {Fingertip} {Photoplethysmogram} {Signals}},
	volume = {8},
	issn = {1573403X},
	url = {http://www.eurekaselect.com/openurl/content.php?genre=article&issn=1573-403X&volume=8&issue=1&spage=14},
	doi = {10.2174/157340312801215782},
	number = {1},
	urldate = {2019-10-08},
	journal = {Current Cardiology Reviews},
	author = {Elgendi, Mohamed},
	month = jun,
	year = {2012},
	keywords = {PPG},
	pages = {14--25}
}

@article{hatib_machine-learning_2018,
	title = {Machine-learning {Algorithm} to {Predict} {Hypotension} {Based} on {High}-fidelity {Arterial} {Pressure} {Waveform} {Analysis}:},
	volume = {129},
	issn = {0003-3022},
	shorttitle = {Machine-learning {Algorithm} to {Predict} {Hypotension} {Based} on {High}-fidelity {Arterial} {Pressure} {Waveform} {Analysis}},
	url = {http://Insights.ovid.com/crossref?an=00000542-201810000-00017},
	doi = {10.1097/ALN.0000000000002300},
	number = {4},
	urldate = {2019-10-08},
	journal = {Anesthesiology},
	author = {Hatib, Feras and Jian, Zhongping and Buddi, Sai and Lee, Christine and Settels, Jos and Sibert, Karen and Rinehart, Joseph and Cannesson, Maxime},
	month = oct,
	year = {2018},
	keywords = {arterial line},
	pages = {663--674}
}

@inproceedings{sabeti_detection_2019,
	address = {Berlin, Germany},
	title = {Detection of {Acute} {Respiratory} {Distress} {Syndrome} by {Incorporation} of {Label} {Uncertainty} and {Partially} {Available} {Privileged} {Information}*},
	isbn = {978-1-5386-1311-5},
	url = {https://ieeexplore.ieee.org/document/8857434/},
	doi = {10.1109/EMBC.2019.8857434},
	urldate = {2019-11-04},
	booktitle = {2019 41st {Annual} {International} {Conference} of the {IEEE} {Engineering} in {Medicine} and {Biology} {Society} ({EMBC})},
	publisher = {IEEE},
	author = {Sabeti, Elyas and Drews, Joshua and Reamaroon, Narathip and Gryak, Jonathan and Sjoding, Michael and Najarian, Kayvan},
	month = jul,
	year = {2019},
	keywords = {Privileged Information, LUPAPI},
	pages = {1717--1720}
}

@article{moorman_cardiovascular_2011,
	title = {Cardiovascular oscillations at the bedside: early diagnosis of neonatal sepsis using heart rate characteristics monitoring},
	volume = {32},
	url = {https://doi.org/10.1088%2F0967-3334%2F32%2F11%2Fs08},
	doi = {10.1088/0967-3334/32/11/s08},
	number = {11},
	journal = {Physiological Measurement},
	author = {Moorman, J. Randall and Delos, John B. and Flower, Abigail A. and Cao, Hanqing and Kovatchev, Boris P. and Richman, Joshua S. and Lake, Douglas E.},
	month = oct,
	year = {2011},
	pages = {1821--1832}
}

@incollection{kempf_length_1979,
	title = {The length of vectors in representation spaces},
	booktitle = {Algebraic geometry},
	publisher = {Springer},
	author = {Kempf, George and Ness, Linda},
	year = {1979},
	pages = {233--243}
}

@article{signoretto_kernel-based_2011,
	title = {A kernel-based framework to tensorial data analysis},
	volume = {24},
	issn = {08936080},
	url = {https://linkinghub.elsevier.com/retrieve/pii/S0893608011001535},
	doi = {10.1016/j.neunet.2011.05.011},
	number = {8},
	urldate = {2019-11-25},
	journal = {Neural Networks},
	author = {Signoretto, Marco and De Lathauwer, Lieven and Suykens, Johan A.K.},
	month = oct,
	year = {2011},
	pages = {861--874}
}

@article{williams_unsupervised_2018,
	title = {Unsupervised {Discovery} of {Demixed}, {Low}-{Dimensional} {Neural} {Dynamics} across {Multiple} {Timescales} through {Tensor} {Component} {Analysis}},
	volume = {98},
	issn = {08966273},
	url = {https://linkinghub.elsevier.com/retrieve/pii/S0896627318303878},
	doi = {10.1016/j.neuron.2018.05.015},
	number = {6},
	urldate = {2019-11-26},
	journal = {Neuron},
	author = {Williams, Alex H. and Kim, Tony Hyun and Wang, Forea and Vyas, Saurabh and Ryu, Stephen I. and Shenoy, Krishna V. and Schnitzer, Mark and Kolda, Tamara G. and Ganguli, Surya},
	month = jun,
	year = {2018},
	pages = {1099--1115.e8}
}

@article{davies_local_2001,
	title = {Local {Extremes}, {Runs}, {Strings} and {Multiresolution}},
	volume = {29},
	issn = {0090-5364},
	url = {http://projecteuclid.org/euclid.aos/996986501},
	doi = {10.1214/aos/996986501},
	number = {1},
	urldate = {2020-08-04},
	journal = {The Annals of Statistics},
	author = {Davies, P. L. and Kovac, A.},
	month = feb,
	year = {2001},
	keywords = {taut string},
	pages = {1--65}
}


@article{belle_signal_2016,
	title = {A {Signal} {Processing} {Approach} for {Detection} of {Hemodynamic} {Instability} before {Decompensation}},
	volume = {11},
	issn = {1932-6203},
	doi = {10.1371/journal.pone.0148544},
	number = {2},
	journal = {PloS One},
	author = {Belle, Ashwin and Ansari, Sardar and Spadafore, Maxwell and Convertino, Victor A. and Ward, Kevin R. and Derksen, Harm and Najarian, Kayvan},
	year = {2016},
	pmid = {26871715},
	pmcid = {PMC4752295},
	keywords = {Humans, Biomarkers, Electrocardiography, Support Vector Machine, Blood Pressure, Early Diagnosis, Healthy Volunteers, Heart Failure, Heart Rate, Hemodynamics, Hypovolemia, Monitoring, Physiologic, Patient-Specific Modeling},
	pages = {e0148544}
}

@INPROCEEDINGS{morrill_signature_2019,
  author={J. {Morrill} and A. {Kormilitzin} and A. {Nevado-Holgado} and S. {Swaminathan} and S. {Howison} and T. {Lyons}},
  booktitle={2019 Computing in Cardiology (CinC)}, 
  title={The Signature-Based Model for Early Detection of Sepsis From Electronic Health Records in the Intensive Care Unit}, 
  year={2019},
  volume={},
  number={},
  pages={Page 1-Page 4},
  doi={10.23919/CinC49843.2019.9005805}}
  
  
@article{tarvainen_kubios_2014,
	title = {Kubios {HRV}--heart rate variability analysis software},
	volume = {113},
	issn = {1872-7565},
	doi = {10.1016/j.cmpb.2013.07.024},
	number = {1},
	journal = {Computer Methods and Programs in Biomedicine},
	author = {Tarvainen, Mika P. and Niskanen, Juha-Pekka and Lipponen, Jukka A. and Ranta-Aho, Perttu O. and Karjalainen, Pasi A.},
	year = {2014},
	pmid = {24054542},
	keywords = {Humans, Algorithms, Software, Matlab, User-Computer Interface, Heart Rate, Analysis software, Computer program, Heart rate variability, HRV, Nonlinear Dynamics, Reproducibility of Results},
	pages = {210--220}
}

@article{hernandez_multimodal_2021,
	title = {Multimodal tensor-based method for integrative and continuous patient monitoring during postoperative cardiac care},
	volume = {113},
	issn = {09333657},
	url = {https://linkinghub.elsevier.com/retrieve/pii/S0933365721000257},
	doi = {10.1016/j.artmed.2021.102032},
	urldate = {2021-03-11},
	journal = {Artificial Intelligence in Medicine},
	author = {Hernandez, Larry and Kim, Renaid and Tokcan, Neriman and Derksen, Harm and Biesterveld, Ben E. and Croteau, Alfred and Williams, Aaron M. and Mathis, Michael and Najarian, Kayvan and Gryak, Jonathan},
	month = mar,
	year = {2021},
	pages = {102032}
}

@article{taut_string,
	title = {Local Extremes, Runs, Strings and Multiresolution},
	volume = {29},
	issn = {0090-5364},
	url = {http://projecteuclid.org/euclid.aos/996986501},
	doi = {10.1214/aos/996986501},
	urldate = {2021-03-11},
	journal = {The Annals of Statistics},
	author = {Davies, P. L. and Kovack, A.},
	month = feb,
	year = {2001},
	pages = {1--65}
}

@article{bayram_dual-tree_2008,
	title = {On the {Dual}-{Tree} {Complex} {Wavelet} {Packet} and \${M}\$-{Band} {Transforms}},
	volume = {56},
	issn = {1053-587X, 1941-0476},
	url = {http://ieeexplore.ieee.org/document/4483707/},
	doi = {10.1109/TSP.2007.916129},
	number = {6},
	urldate = {2021-03-25},
	journal = {IEEE Transactions on Signal Processing},
	author = {Bayram, I. and Selesnick, I.W.},
	month = jun,
	year = {2008},
	pages = {2298--2310}
}

@article{tucker1963implications,
  title={Implications of factor analysis of three-way matrices for measurement of change},
  author={Tucker, Ledyard R},
  journal={Problems in measuring change},
  volume={15},
  pages={122--137},
  year={1963},
  publisher={University of Wisconsin Press Madison}
}

@article{tucker1964extension,
  title={The extension of factor analysis to three-dimensional matrices},
  author={Tucker, Ledyard R and others},
  journal={Contributions to mathematical psychology},
  volume={110119},
  year={1964},
  publisher={New York: Holt, Rinehardt \& Winston}
}

@article{de_lathauwer_multilinear_2000,
	title = {A {Multilinear} {Singular} {Value} {Decomposition}},
	volume = {21},
	issn = {0895-4798, 1095-7162},
	url = {http://epubs.siam.org/doi/10.1137/S0895479896305696},
	doi = {10.1137/S0895479896305696},
	number = {4},
	urldate = {2021-03-30},
	journal = {SIAM Journal on Matrix Analysis and Applications},
	author = {De Lathauwer, Lieven and De Moor, Bart and Vandewalle, Joos},
	month = jan,
	year = {2000},
	pages = {1253--1278}
}

@article{cortes_support-vector_1995,
	title = {Support-vector networks},
	volume = {20},
	issn = {0885-6125, 1573-0565},
	url = {http://link.springer.com/10.1007/BF00994018},
	doi = {10.1007/BF00994018},
	number = {3},
	urldate = {2020-01-27},
	journal = {Machine Learning},
	author = {Cortes, Corinna and Vapnik, Vladimir},
	month = sep,
	year = {1995},
	pages = {273--297}
}

@article{JMLR:v6:fan05a,
  author  = {Rong-En Fan and Pai-Hsuen Chen and Chih-Jen Lin},
  title   = {Working Set Selection Using Second Order Information for Training Support Vector Machines},
  journal = {Journal of Machine Learning Research},
  year    = {2005},
  volume  = {6},
  number  = {63},
  pages   = {1889-1918},
  url     = {http://jmlr.org/papers/v6/fan05a.html}
}

@article{nemati_interpretable_2018,
	title = {An {Interpretable} {Machine} {Learning} {Model} for {Accurate} {Prediction} of {Sepsis} in the {ICU}:},
	volume = {46},
	issn = {0090-3493},
	shorttitle = {An {Interpretable} {Machine} {Learning} {Model} for {Accurate} {Prediction} of {Sepsis} in the {ICU}},
	url = {http://journals.lww.com/00003246-201804000-00010},
	doi = {10.1097/CCM.0000000000002936},
	number = {4},
	urldate = {2021-04-06},
	journal = {Critical Care Medicine},
	author = {Nemati, Shamim and Holder, Andre and Razmi, Fereshteh and Stanley, Matthew D. and Clifford, Gari D. and Buchman, Timothy G.},
	month = apr,
	year = {2018},
	pages = {547--553}
}


@article{desautels_prediction_2016,
	title = {Prediction of {Sepsis} in the {Intensive} {Care} {Unit} {With} {Minimal} {Electronic} {Health} {Record} {Data}: {A} {Machine} {Learning} {Approach}},
	volume = {4},
	issn = {2291-9694},
	shorttitle = {Prediction of {Sepsis} in the {Intensive} {Care} {Unit} {With} {Minimal} {Electronic} {Health} {Record} {Data}},
	url = {https://medinform.jmir.org/2016/3/e28/},
	doi = {10.2196/medinform.5909},
	number = {3},
	urldate = {2021-04-06},
	journal = {JMIR Medical Informatics},
	author = {Desautels, Thomas and Calvert, Jacob and Hoffman, Jana and Jay, Melissa and Kerem, Yaniv and Shieh, Lisa and Shimabukuro, David and Chettipally, Uli and Feldman, Mitchell D and Barton, Chris and Wales, David J and Das, Ritankar},
	month = sep,
	year = {2016},
	pages = {e28}
}

@article{afghah_game_2018,
	title = {Game {Theoretic} {Approach} for {Systematic} {Feature} {Selection}; {Application} in {False} {Alarm} {Detection} in {Intensive} {Care} {Units}},
	volume = {20},
	issn = {1099-4300},
	url = {http://www.mdpi.com/1099-4300/20/3/190},
	doi = {10.3390/e20030190},
	number = {3},
	urldate = {2021-04-13},
	journal = {Entropy},
	author = {Afghah, Fatemeh and Razi, Abolfazl and Soroushmehr, Reza and Ghanbari, Hamid and Najarian, Kayvan},
	month = mar,
	year = {2018},
	pages = {190},
	file = {Full Text:C\:\\Users\\oialg\\Zotero\\storage\\AC2NLY8G\\Afghah et al. - 2018 - Game Theoretic Approach for Systematic Feature Sel.pdf:application/pdf}
}

@incollection{zheng_game_2016,
	address = {Cham},
	title = {A {Game} {Theoretic} {Predictive} {Modeling} {Approach} to {Reduction} of {False} {Alarm}},
	volume = {9545},
	isbn = {978-3-319-29174-1},
	url = {http://link.springer.com/10.1007/978-3-319-29175-8_11},
	urldate = {2021-04-13},
	booktitle = {Smart {Health}},
	publisher = {Springer International Publishing},
	author = {Afghah, Fatemeh and Razi, Abolfazl and Soroushmehr, S. M. Reza and Molaei, Somayeh and Ghanbari, Hamid and Najarian, Kayvan},
	editor = {Zheng, Xiaolong and Zeng, Daniel Dajun and Chen, Hsinchun and Leischow, Scott J.},
	year = {2016},
	doi = {10.1007/978-3-319-29175-8_11},
	note = {Series Title: Lecture Notes in Computer Science},
	pages = {118--130}
}

@misc{noauthor_2019_2018,
    author = {ECRI Institute},
	title = {2019 {Top} 10 {Health} {Technology} {Hazards}: {Executive} {Brief}},
	url = {www.ecri.org/2019hazards},
	urldate = {2021-04-19},
	publisher = {ECRI Institute},
	year = {2018}
}

@article{gambarotta_review_2016,
	title = {A review of methods for the signal quality assessment to improve reliability of heart rate and blood pressures derived parameters},
	volume = {54},
	issn = {1741-0444},
	url = {https://doi.org/10.1007/s11517-016-1453-5},
	doi = {10.1007/s11517-016-1453-5},
	number = {7},
	journal = {Medical \& Biological Engineering \& Computing},
	author = {Gambarotta, Nicolò and Aletti, Federico and Baselli, Giuseppe and Ferrario, Manuela},
	month = jul,
	year = {2016},
	pages = {1025--1035}
}


@article{chen_characteristics_2007,
	title = {Characteristics of {Heart} {Rate} {Variability} {Can} {Predict} {Impending} {Septic} {Shock} in {Emergency} {Department} {Patients} with {Sepsis}},
	volume = {14},
	issn = {10696563, 15532712},
	url = {http://doi.wiley.com/10.1111/j.1553-2712.2007.tb01796.x},
	doi = {10.1111/j.1553-2712.2007.tb01796.x},
	number = {5},
	urldate = {2021-04-23},
	journal = {Academic Emergency Medicine},
	author = {Chen, Wei-Lung and Kuo, Cheng-Deng},
	month = may,
	year = {2007},
	pages = {392--397}
}

@article{de_castilho_heart_2017,
	title = {Heart rate variability as predictor of mortality in sepsis: {A} prospective cohort study},
	volume = {12},
	issn = {1932-6203},
	shorttitle = {Heart rate variability as predictor of mortality in sepsis},
	url = {https://dx.plos.org/10.1371/journal.pone.0180060},
	doi = {10.1371/journal.pone.0180060},
	number = {6},
	urldate = {2021-04-23},
	journal = {PLOS ONE},
	author = {de Castilho, Fábio M. and Ribeiro, Antonio Luiz P. and da Silva, José Luiz P. and Nobre, Vandack and de Sousa, Marcos R.},
	editor = {Brakenridge, Scott},
	month = jun,
	year = {2017},
	pages = {e0180060}
}


@article{seymour_assessment_2016,
	title = {Assessment of {Clinical} {Criteria} for {Sepsis}: {For} the {Third} {International} {Consensus} {Definitions} for {Sepsis} and {Septic} {Shock} ({Sepsis}-3)},
	volume = {315},
	issn = {0098-7484},
	shorttitle = {Assessment of {Clinical} {Criteria} for {Sepsis}},
	url = {http://jama.jamanetwork.com/article.aspx?doi=10.1001/jama.2016.0288},
	doi = {10.1001/jama.2016.0288},
	number = {8},
	urldate = {2021-04-28},
	journal = {JAMA},
	author = {Seymour, Christopher W. and Liu, Vincent X. and Iwashyna, Theodore J. and Brunkhorst, Frank M. and Rea, Thomas D. and Scherag, André and Rubenfeld, Gordon and Kahn, Jeremy M. and Shankar-Hari, Manu and Singer, Mervyn and Deutschman, Clifford S. and Escobar, Gabriel J. and Angus, Derek C.},
	month = feb,
	year = {2016},
	pages = {762}
}

@article{sirs_1992,
	title = {Definitions for {Sepsis} and {Organ} {Failure} and {Guidelines} for the {Use} of {Innovative} {Therapies} in {Sepsis}},
	volume = {101},
	issn = {00123692},
	url = {https://linkinghub.elsevier.com/retrieve/pii/S001236921638415X},
	doi = {10.1378/chest.101.6.1644},
	number = {6},
	urldate = {2021-04-28},
	journal = {Chest},
	author = {Bone, Roger C. and Balk, Robert A. and Cerra, Frank B. and Dellinger, R. Phillip and Fein, Alan M. and Knaus, William A. and Schein, Roland M.H. and Sibbald, William J.},
	month = jun,
	year = {1992},
	pages = {1644--1655}
}

@article{tsai_data_2019,
	title = {Data {Science} for {Extubation} {Prediction} and {Value} of {Information} in {Surgical} {Intensive} {Care} {Unit}},
	volume = {8},
	issn = {2077-0383},
	url = {https://www.mdpi.com/2077-0383/8/10/1709},
	doi = {10.3390/jcm8101709},
	number = {10},
	urldate = {2021-04-29},
	journal = {Journal of Clinical Medicine},
	author = {Tsai, Tsung-Lun and Huang, Min-Hsin and Lee, Chia-Yen and Lai, Wu-Wei},
	month = oct,
	year = {2019},
	pages = {1709}
}

@article{politano_predicting_2013,
	title = {Predicting the need for urgent intubation in a surgical/trauma intensive care unit},
	volume = {154},
	issn = {00396060},
	url = {https://linkinghub.elsevier.com/retrieve/pii/S0039606013002705},
	doi = {10.1016/j.surg.2013.05.025},
	number = {5},
	urldate = {2021-04-29},
	journal = {Surgery},
	author = {Politano, Amani D. and Riccio, Lin M. and Lake, Douglas E. and Rusin, Craig G. and Guin, Lauren E. and Josef, Christopher S. and Clark, Matthew T. and Sawyer, Robert G. and Moorman, J. Randall and Calland, James F.},
	month = nov,
	year = {2013},
	pages = {1110--1116}
}

@article{sidiropoulos_tensor_2017,
	title = {Tensor {Decomposition} for {Signal} {Processing} and {Machine} {Learning}},
	volume = {65},
	issn = {1053-587X, 1941-0476},
	url = {http://ieeexplore.ieee.org/document/7891546/},
	doi = {10.1109/TSP.2017.2690524},
	number = {13},
	urldate = {2021-04-29},
	journal = {IEEE Transactions on Signal Processing},
	author = {Sidiropoulos, Nicholas D. and De Lathauwer, Lieven and Fu, Xiao and Huang, Kejun and Papalexakis, Evangelos E. and Faloutsos, Christos},
	month = jul,
	year = {2017},
	pages = {3551--3582}
}

@article{zhang_feature_2021,
	title = {Feature extraction from unequal length heterogeneous {EHR} time series via dynamic time warping and tensor decomposition},
	issn = {1384-5810, 1573-756X},
	url = {http://link.springer.com/10.1007/s10618-020-00724-6},
	doi = {10.1007/s10618-020-00724-6},
	urldate = {2021-04-29},
	journal = {Data Mining and Knowledge Discovery},
	author = {Zhang, Chi and Fanaee-T, Hadi and Thoresen, Magne},
	month = jan,
	year = {2021}
}

@INPROCEEDINGS{he_2019,
  author={He, Zhengling and Chen, Xianxiang and Fang, Zhen and Yi, Weidong and Wang, Chenshuo and Jiang, Li and Tong, Zhongkai and Bai, Zhongrui and Li, Yueqi and Pan, Yichen},
  booktitle={2019 Computing in Cardiology (CinC)}, 
  title={Early Sepsis Prediction Using Ensemble Learning with Features Extracted from LSTM Recurrent Neural Network}, 
  year={2019},
  volume={},
  number={},
  pages={Page 1-Page 4},
  doi={10.23919/CinC49843.2019.9005929}}
  
 @misc{laurin_bp_annotate_2017,
	title = {{BP}\_annotate},
	url = {https://www.mathworks.com/matlabcentral/fileexchange/60172-bp_annotate},
	abstract = {Alexandre Laurin (2022). BP\_annotate (https://www.mathworks.com/matlabcentral/fileexchange/60172-bp\_annotate), MATLAB Central File Exchange. Retrieved July 27, 2022.},
	journal = {MATLAB Central File Exchange},
	urldate = {2022-07-22},
	author = {Laurin, Alexandre},
	month = apr,
	year = {2017},
}

@article{breiman_random_2001,
	title = {Random {Forests}},
	volume = {45},
	issn = {1573-0565},
	url = {https://doi.org/10.1023/A:1010933404324},
	doi = {10.1023/A:1010933404324},
	number = {1},
	journal = {Machine Learning},
	author = {Breiman, Leo},
	month = oct,
	year = {2001},
	pages = {5--32},
}


@article{sabeti_learning_2019,
	title = {Learning {Using} {Concave} and {Convex} {Kernels}: {Applications} in {Predicting} {Quality} of {Sleep} and {Level} of {Fatigue} in {Fibromyalgia}},
	volume = {21},
	issn = {1099-4300},
	shorttitle = {Learning {Using} {Concave} and {Convex} {Kernels}},
	url = {https://www.mdpi.com/1099-4300/21/5/442},
	doi = {10.3390/e21050442},
	number = {5},
	urldate = {2020-01-03},
	journal = {Entropy},
	author = {Sabeti, Elyas and Gryak, Jonathan and Derksen, Harm and Biwer, Craig and Ansari, Sardar and Isenstein, Howard and Kratz, Anna and Najarian, Kayvan},
	month = apr,
	year = {2019},
	keywords = {LUCCK, flexible, convexity, kernel},
	pages = {442},
}

@phdthesis{luo_severity_2012,
	title = {The severity of stages estimation during hemorrhage using error correcting output codes method},
	url = {https://scholarscompass.vcu.edu/etd/406},
	urldate = {2022-08-05},
	school = {VCU Libraries},
	author = {Luo, Yurong},
	year = {2012},
	doi = {10.25772/MMMX-AF85},
	note = {Publication Title: VCU Theses and Dissertations},
}

@article{hillar_most_2013,
	title = {Most {Tensor} {Problems} {Are} {NP}-{Hard}},
	volume = {60},
	issn = {0004-5411, 1557-735X},
	url = {https://dl.acm.org/doi/10.1145/2512329},
	doi = {10.1145/2512329},
	number = {6},
	urldate = {2022-08-05},
	journal = {Journal of the ACM},
	author = {Hillar, Christopher J. and Lim, Lek-Heng},
	month = nov,
	year = {2013},
	pages = {1--39}
}

@article{nesaragi_correlation_2021,
	title = {A correlation matrix-based tensor decomposition method for early prediction of sepsis from clinical data},
	volume = {41},
	issn = {02085216},
	url = {https://linkinghub.elsevier.com/retrieve/pii/S0208521621000851},
	doi = {10.1016/j.bbe.2021.06.009},
	number = {3},
	urldate = {2022-02-01},
	journal = {Biocybernetics and Biomedical Engineering},
	author = {Nesaragi, Naimahmed and Patidar, Shivnarayan and Thangaraj, Veerakumar},
	month = jul,
	year = {2021},
	pages = {1013--1024}
}

@article{wong_external_2021,
	title = {External {Validation} of a {Widely} {Implemented} {Proprietary} {Sepsis} {Prediction} {Model} in {Hospitalized} {Patients}},
	volume = {181},
	issn = {2168-6106},
	url = {https://jamanetwork.com/journals/jamainternalmedicine/fullarticle/2781307},
	doi = {10.1001/jamainternmed.2021.2626},
	number = {8},
	urldate = {2022-07-13},
	journal = {JAMA Internal Medicine},
	author = {Wong, Andrew and Otles, Erkin and Donnelly, John P. and Krumm, Andrew and McCullough, Jeffrey and DeTroyer-Cooley, Olivia and Pestrue, Justin and Phillips, Marie and Konye, Judy and Penoza, Carleen and Ghous, Muhammad and Singh, Karandeep},
	month = aug,
	year = {2021},
	pages = {1065}
}


@article{taylor_prediction_2016,
	title = {Prediction of {In}-hospital {Mortality} in {Emergency} {Department} {Patients} {With} {Sepsis}: {A} {Local} {Big} {Data}-{Driven}, {Machine} {Learning} {Approach}},
	volume = {23},
	issn = {10696563},
	shorttitle = {Prediction of {In}-hospital {Mortality} in {Emergency} {Department} {Patients} {With} {Sepsis}},
	url = {https://onlinelibrary.wiley.com/doi/10.1111/acem.12876},
	doi = {10.1111/acem.12876},
	number = {3},
	urldate = {2022-07-13},
	journal = {Academic Emergency Medicine},
	author = {Taylor, R. Andrew and Pare, Joseph R. and Venkatesh, Arjun K. and Mowafi, Hani and Melnick, Edward R. and Fleischman, William and Hall, M. Kennedy},
	editor = {Jones, Alan},
	month = mar,
	year = {2016},
	pages = {269--278},
}

@article{kim_prediction_2022,
	title = {Prediction of postoperative cardiac events in multiple surgical cohorts using a multimodal and integrative decision support system},
	volume = {12},
	issn = {2045-2322},
	url = {https://www.nature.com/articles/s41598-022-15496-w},
	doi = {10.1038/s41598-022-15496-w},
	number = {1},
	urldate = {2022-08-24},
	journal = {Scientific Reports},
	author = {Kim, Renaid B. and Alge, Olivia P. and Liu, Gang and Biesterveld, Ben E. and Wakam, Glenn and Williams, Aaron M. and Mathis, Michael R. and Najarian, Kayvan and Gryak, Jonathan},
	month = dec,
	year = {2022},
	pages = {11347},
}


@article{vanepps_reducing_2018,
	title = {Reducing exposure to broad-spectrum antibiotics for bloodstream infection},
	volume = {3},
	issn = {25199005},
	url = {http://jlpm.amegroups.com/article/view/4628/html},
	doi = {10.21037/jlpm.2018.12.02},
	urldate = {2022-09-02},
	journal = {Journal of Laboratory and Precision Medicine},
	author = {VanEpps, J. Scott},
	month = dec,
	year = {2018},
	pages = {100--100},
}

@article{prestinaci_antimicrobial_2015,
	title = {Antimicrobial resistance: a global multifaceted phenomenon},
	volume = {109},
	issn = {2047-7724, 2047-7732},
	shorttitle = {Antimicrobial resistance},
	url = {http://www.tandfonline.com/doi/full/10.1179/2047773215Y.0000000030},
	doi = {10.1179/2047773215Y.0000000030},
	number = {7},
	urldate = {2022-09-02},
	journal = {Pathogens and Global Health},
	author = {Prestinaci, Francesca and Pezzotti, Patrizio and Pantosti, Annalisa},
	month = oct,
	year = {2015},
	pages = {309--318},
}

@article{chokshi_global_2019,
	title = {Global contributors to antibiotic resistance},
	volume = {11},
	issn = {0974-777X},
	url = {http://www.jgid.org/text.asp?2019/11/1/36/251836},
	doi = {10.4103/jgid.jgid_110_18},
	number = {1},
	urldate = {2022-09-02},
	journal = {Journal of Global Infectious Diseases},
	author = {Chokshi, Aastha and Cennimo, David and Horng, Helen and Sifri, Ziad},
	year = {2019},
	pages = {36},
}


@incollection{sirs_chakraborty_systemic_2022,
	address = {Treasure Island (FL)},
	title = {Systemic {Inflammatory} {Response} {Syndrome}},
	copyright = {Copyright © 2022, StatPearls Publishing LLC.},
	url = {http://www.ncbi.nlm.nih.gov/books/NBK547669/},
	urldate = {2022-09-06},
	booktitle = {{StatPearls}},
	publisher = {StatPearls Publishing},
	author = {Chakraborty, Rebanta K. and Burns, Bracken},
	year = {2022},
	pmid = {31613449}
}

@misc{matlab-pantom,
	address = {https://www.mathworks.com/matlabcentral/fileexchange/45840-complete-pan-tompkins-implementation-ecg-qrs-detector},
	title = {Matlab {Implementation} of {Pan} {Tompkins} {ECG} {QRS} detector.},
	url = {http://rgdoi.net/10.13140/RG.2.2.14202.59841},
	doi = {10.13140/RG.2.2.14202.59841},
	urldate = {2023-06-19},
	publisher = {MathWorks File Exchange},
	author = {Sedghamiz, Hooman},
	month = mar,
	year = {2014},
	doi = {10.13140/RG.2.2.14202.59841},
}

@article{pantom_1985,
	title = {A {Real}-{Time} {QRS} {Detection} {Algorithm}},
	volume = {BME-32},
	issn = {0018-9294},
	url = {http://ieeexplore.ieee.org/document/4122029/},
	doi = {10.1109/TBME.1985.325532},
	number = {3},
	urldate = {2023-06-19},
	journal = {IEEE Transactions on Biomedical Engineering},
	author = {Pan, Jiapu and Tompkins, Willis J.},
	month = mar,
	year = {1985},
	pages = {230--236},
}

@article{evans_surviving_2021,
	title = {Surviving {Sepsis} {Campaign}: {International} {Guidelines} for {Management} of {Sepsis} and {Septic} {Shock} 2021},
	volume = {49},
	issn = {0090-3493},
	shorttitle = {Surviving {Sepsis} {Campaign}},
	url = {https://journals.lww.com/10.1097/CCM.0000000000005337},
	doi = {10.1097/CCM.0000000000005337},
	number = {11},
	urldate = {2023-07-26},
	journal = {Critical Care Medicine},
	author = {Evans, Laura and Rhodes, Andrew and Alhazzani, Waleed and Antonelli, Massimo and Coopersmith, Craig M. and French, Craig and Machado, Flávia R. and Mcintyre, Lauralyn and Ostermann, Marlies and Prescott, Hallie C. and Schorr, Christa and Simpson, Steven and Wiersinga, W. Joost and Alshamsi, Fayez and Angus, Derek C. and Arabi, Yaseen and Azevedo, Luciano and Beale, Richard and Beilman, Gregory and Belley-Cote, Emilie and Burry, Lisa and Cecconi, Maurizio and Centofanti, John and Coz Yataco, Angel and De Waele, Jan and Dellinger, R. Phillip and Doi, Kent and Du, Bin and Estenssoro, Elisa and Ferrer, Ricard and Gomersall, Charles and Hodgson, Carol and Hylander Møller, Morten and Iwashyna, Theodore and Jacob, Shevin and Kleinpell, Ruth and Klompas, Michael and Koh, Younsuck and Kumar, Anand and Kwizera, Arthur and Lobo, Suzana and Masur, Henry and McGloughlin, Steven and Mehta, Sangeeta and Mehta, Yatin and Mer, Mervyn and Nunnally, Mark and Oczkowski, Simon and Osborn, Tiffany and Papathanassoglou, Elizabeth and Perner, Anders and Puskarich, Michael and Roberts, Jason and Schweickert, William and Seckel, Maureen and Sevransky, Jonathan and Sprung, Charles L. and Welte, Tobias and Zimmerman, Janice and Levy, Mitchell},
	month = nov,
	year = {2021},
	pages = {e1063--e1143},
}


@article{han_overcome_2014,
	title = {Overcome {Support} {Vector} {Machine} {Diagnosis} {Overfitting}},
	volume = {13s1},
	issn = {1176-9351, 1176-9351},
	url = {http://journals.sagepub.com/doi/10.4137/CIN.S13875},
	doi = {10.4137/CIN.S13875},
	abstract = {Support vector machines (SVMs) are widely employed in molecular diagnosis of disease for their efficiency and robustness. However, there is no previous research to analyze their overfitting in high-dimensional omics data based disease diagnosis, which is essential to avoid deceptive diagnostic results and enhance clinical decision making. In this work, we comprehensively investigate this problem from both theoretical and practical standpoints to unveil the special characteristics of SVM overfitting. We found that disease diagnosis under an SVM classifier would inevitably encounter overfitting under a Gaussian kernel because of the large data variations generated from high-throughput profiling technologies. Furthermore, we propose a novel sparse-coding kernel approach to overcome SVM overfitting in disease diagnosis. Unlike traditional ad-hoc parametric tuning approaches, it not only robustly conquers the overfitting problem, but also achieves good diagnostic accuracy. To our knowledge, it is the first rigorous method proposed to overcome SVM overfitting. Finally, we propose a novel biomarker discovery algorithm: Gene-Switch-Marker (GSM) to capture meaningful biomarkers by taking advantage of SVM overfitting on single genes.},
	urldate = {2023-08-17},
	journal = {Cancer Informatics},
	author = {Han, Henry and Jiang, Xiaoqian},
	month = jan,
	year = {2014},
	pages = {CIN.S13875}
}

@inproceedings{ferrario_how_2022,
	address = {Seoul Republic of Korea},
	title = {How {Explainability} {Contributes} to {Trust} in {AI}},
	isbn = {978-1-4503-9352-2},
	url = {https://dl.acm.org/doi/10.1145/3531146.3533202},
	doi = {10.1145/3531146.3533202},
	urldate = {2023-08-17},
	booktitle = {2022 {ACM} {Conference} on {Fairness}, {Accountability}, and {Transparency}},
	publisher = {ACM},
	author = {Ferrario, Andrea and Loi, Michele},
	month = jun,
	year = {2022},
	pages = {1457--1466},
}

@incollection{gholami_support_2017,
	title = {Support {Vector} {Machine}: {Principles}, {Parameters}, and {Applications}},
	isbn = {978-0-12-811318-9},
	shorttitle = {Support {Vector} {Machine}},
	url = {https://linkinghub.elsevier.com/retrieve/pii/B9780128113189000272},
	urldate = {2023-08-18},
	booktitle = {Handbook of {Neural} {Computation}},
	publisher = {Elsevier},
	author = {Gholami, Raoof and Fakhari, Nikoo},
	year = {2017},
	doi = {10.1016/B978-0-12-811318-9.00027-2},
	pages = {515--535},
}

@article{cervantes_comprehensive_2020,
	title = {A comprehensive survey on support vector machine classification: {Applications}, challenges and trends},
	volume = {408},
	issn = {09252312},
	shorttitle = {A comprehensive survey on support vector machine classification},
	url = {https://linkinghub.elsevier.com/retrieve/pii/S0925231220307153},
	doi = {10.1016/j.neucom.2019.10.118},
	urldate = {2023-08-18},
	journal = {Neurocomputing},
	author = {Cervantes, Jair and Garcia-Lamont, Farid and Rodríguez-Mazahua, Lisbeth and Lopez, Asdrubal},
	month = sep,
	year = {2020},
	pages = {189--215},
}

@inproceedings{hsieh_dual_2008,
	address = {Helsinki, Finland},
	title = {A dual coordinate descent method for large-scale linear {SVM}},
	isbn = {978-1-60558-205-4},
	url = {http://portal.acm.org/citation.cfm?doid=1390156.1390208},
	doi = {10.1145/1390156.1390208},
	urldate = {2023-08-18},
	booktitle = {Proceedings of the 25th international conference on {Machine} learning - {ICML} '08},
	publisher = {ACM Press},
	author = {Hsieh, Cho-Jui and Chang, Kai-Wei and Lin, Chih-Jen and Keerthi, S. Sathiya and Sundararajan, S.},
	year = {2008},
	pages = {408--415}
}


@article{huang_applications_2018,
	title = {Applications of {Support} {Vector} {Machine} ({SVM}) {Learning} in {Cancer} {Genomics}},
	volume = {15},
	issn = {1790-6245},
	doi = {10.21873/cgp.20063},
	number = {1},
	journal = {Cancer Genomics \& Proteomics},
	author = {Huang, Shujun and Cai, Nianguang and Pacheco, Pedro Penzuti and Narrandes, Shavira and Wang, Yang and Xu, Wayne},
	year = {2018},
	pmid = {29275361},
	pmcid = {PMC5822181},
	pages = {41--51}
}

@incollection{zhang_random_2012,
	address = {New York, NY},
	title = {Random {Forest} for {Bioinformatics}},
	isbn = {978-1-4419-9325-0 978-1-4419-9326-7},
	url = {https://link.springer.com/10.1007/978-1-4419-9326-7_11},
	urldate = {2023-08-21},
	booktitle = {Ensemble {Machine} {Learning}},
	publisher = {Springer New York},
	author = {Qi, Yanjun},
	editor = {Zhang, Cha and Ma, Yunqian},
	year = {2012},
	doi = {10.1007/978-1-4419-9326-7_11},
	pages = {307--323}
}
